% This file was created with JabRef 2.6b3.
% Encoding: GBK

@inproceedings{alexnet,
  author    = {Alex Krizhevsky and
               Ilya Sutskever and
               Geoffrey E. Hinton},
  title     = {ImageNet Classification with Deep Convolutional Neural Networks},
  booktitle = {Advances in Neural Information Processing Systems 25: 26th Annual
               Conference on Neural Information Processing Systems 2012. Proceedings
               of a meeting held December 3-6, 2012, Lake Tahoe, Nevada, United States.},
  pages     = {1106--1114},
  year      = {2012},
  crossref  = {DBLP:conf/nips/2012},
  url       = {http://papers.nips.cc/paper/4824-imagenet-classification-with-deep-convolutional-neural-networks},
  timestamp = {Thu, 11 Dec 2014 17:34:07 +0100},
  biburl    = {https://dblp.org/rec/bib/conf/nips/KrizhevskySH12},
  bibsource = {dblp computer science bibliography, https://dblp.org}
}

@article{lenet,
title={Gradient-based learning applied to document recognition},
author={Lecun, Yann and Bottou, Leon and Bengio, Yoshua and Haffner, Patrick},
journal={Proceedings of the IEEE},
volume={86},
number={11},
pages={2278--2324},
year={1998}}

@article{googlenet,
title={Going deeper with convolutions},
author={Szegedy, Christian and Liu, Wei and Jia, Yangqing and Sermanet, Pierre and Reed, Scott E and Anguelov, Dragomir and Erhan, Dumitru and Vanhoucke, Vincent and Rabinovich, Andrew},
journal={computer vision and pattern recognition},
pages={1--9},
year={2015}}

@article{resnet,
title={Deep Residual Learning for Image Recognition},
author={He, Kaiming and Zhang, Xiangyu and Ren, Shaoqing and Sun, Jian},
journal={computer vision and pattern recognition},
pages={770--778},
year={2016}}

@article{senet,
title={Squeeze-and-Excitation Networks},
author={Hu, Jie and Shen, Li and Sun, Gang},
journal={computer vision and pattern recognition},
pages={7132--7141},
year={2018}}

@article{deepcompression,
title={Deep Compression: Compressing Deep Neural Networks with Pruning, Trained Quantization and Huffman Coding},
author={Han, Song and Mao, Huizi and Dally, William J},
journal={international conference on learning representations},
year={2016}}

@article{binary,
title={Binarized Neural Networks: Training Deep Neural Networks with Weights and Activations Constrained to +1 or -1},
author={Courbariaux, Matthieu and Hubara, Itay and Soudry, Daniel and Elyaniv, Ran and Bengio, Yoshua},
journal={arXiv: Learning},
year={2016}}

@article{ternary,
title={Ternary Weight Networks},
author={Li, Fengfu and Liu, Bin},
journal={arXiv: Computer Vision and Pattern Recognition},
year={2016}}

@article{batchnormalization,
title={Batch Normalization: Accelerating Deep Network Training by Reducing Internal Covariate Shift},
author={Ioffe, Sergey and Szegedy, Christian},
journal={international conference on machine learning},
pages={448--456},
year={2015}}

@article{bp,
title={Learning representations by back-propagating errors},
author={Rumelhart, David E and Hinton, Geoffrey E and Williams, Ronald J},
journal={Nature},
volume={323},
number={6088},
pages={696--699},
year={1988}}

@article{relu,
title={Deep Sparse Rectifier Neural Networks},
author={Glorot, Xavier and Bordes, Antoine and Bengio, Yoshua},
volume={15},
pages={315--323},
year={2011}}

@article{leakyrelu,
title={Delving Deep into Rectifiers: Surpassing Human-Level Performance on ImageNet Classification},
author={He, Kaiming and Zhang, Xiangyu and Ren, Shaoqing and Sun, Jian},
journal={international conference on computer vision},
pages={1026--1034},
year={2015}}

@article{binary1,
title={BinaryConnect: training deep neural networks with binary weights during propagations},
author={Courbariaux, Matthieu and Bengio, Yoshua and David, Jean Pierre},
journal={neural information processing systems},
pages={3123--3131},
year={2015}}

@article{xnornet,
title={XNOR-Net: ImageNet Classification Using Binary Convolutional Neural Networks},
author={Rastegari, Mohammad and Ordonez, Vicente and Redmon, Joseph and Farhadi, Ali},
journal={european conference on computer vision},
pages={525--542},
year={2016}}

@article{qnn,
title={Quantized neural networks: training neural networks with low precision weights and activations},
author={Hubara, Itay and Courbariaux, Matthieu and Soudry, Daniel and Elyaniv, Ran and Bengio, Yoshua},
journal={Journal of Machine Learning Research},
volume={18},
number={1},
pages={6869--6898},
year={2017}}

@article{hwgqnet,
title={Deep Learning with Low Precision by Half-Wave Gaussian Quantization},
author={Cai, Zhaowei and He, Xiaodong and Sun, Jian and Vasconcelos, Nuno},
journal={computer vision and pattern recognition},
pages={5406--5414},
year={2017}}

@article{dorefanet:,
title={DoReFa-Net: Training Low Bitwidth Convolutional Neural Networks with Low Bitwidth Gradients},
author={Zhou, Shuchang and Ni, Zekun and Zhou, Xinyu and Wen, He and Wu, Yuxin and Zou, Yuheng},
journal={arXiv: Neural and Evolutionary Computing},
year={2016}}

@article{ternary2,
title={Trained Ternary Quantization},
author={Zhu, Chenzhuo and Han, Song and Mao, Huizi and Dally, William J},
journal={international conference on learning representations},
year={2017}}

@article{incremental,
title={Incremental Network Quantization: Towards Lossless CNNs with Low-precision Weights},
author={Zhou, Aojun and Yao, Anbang and Guo, Yiwen and Xu, Lin and Chen, Yurong},
journal={international conference on learning representations},
year={2017}}


%%%剪枝算法的参考文献
@article{90prune,
title={Optimal Brain Damage},
author={Lecun, Yann and Denker, John S and Solla, Sara A},
volume={2},
pages={598--605},
year={1989}}


@article{92prune,
title={Second order derivatives for network pruning: Optimal Brain Surgeon},
author={Hassibi, Babak and Stork, David G},
pages={164--171},
year={1992}}


@article{9,
title={Learning both weights and connections for efficient neural networks},
author={Han, Song and Pool, Jeff and Tran, John and Dally, William J},
journal={neural information processing systems},
pages={1135--1143},
year={2015}}

@article{10,
title={Deep Compression: Compressing Deep Neural Networks with Pruning, Trained Quantization and Huffman Coding},
author={Han, Song and Mao, Huizi and Dally, William J},
journal={international conference on learning representations},
year={2016}}

@article{11,
title={Dynamic Network Surgery for Efficient DNNs},
author={Guo, Yiwen and Yao, Anbang and Chen, Yurong},
journal={neural information processing systems},
pages={1379--1387},
year={2016}}

@article{12,
title={Learning Structured Sparsity in Deep Neural Networks},
author={Wen, Wei and Wu, Chunpeng and Wang, Yandan and Chen, Yiran and Li, Hai},
journal={neural information processing systems},
pages={2074--2082},
year={2016}}

@article{14,
title={Network Trimming: A Data-Driven Neuron Pruning Approach towards Efficient Deep Architectures},
author={Hu, Hengyuan and Peng, Rui and Tai, Yuwing and Tang, Chikeung},
journal={arXiv: Neural and Evolutionary Computing},
year={2016}}

@article{16,
title={Group sparse regularization for deep neural networks},
author={Scardapane, Simone and Comminiello, Danilo and Hussain, Amir and Uncini, Aurelio},
journal={Neurocomputing},
volume={241},
pages={81--89},
year={2017}}

@article{17,
title={Pruning Filters for Efficient ConvNets},
author={Li, Hao and Kadav, Asim and Durdanovic, Igor and Samet, Hanan and Graf, Hans Peter},
journal={international conference on learning representations},
year={2017}}

@article{18,
title={Learning Efficient Convolutional Networks through Network Slimming},
author={Liu, Zhuang and Li, Jianguo and Shen, Zhiqiang and Huang, Gao and Yan, Shoumeng and Zhang, Changshui},
journal={international conference on computer vision},
pages={2755--2763},
year={2017}}

@article{21,
title={Pruning Convolutional Neural Networks for Resource Efficient Inference},
author={Molchanov, Pavlo and Tyree, Stephen and Karras, Tero and Aila, Timo and Kautz, Jan},
journal={international conference on learning representations},
year={2017}}

@article{27,
title={Soft Filter Pruning for Accelerating Deep Convolutional Neural Networks},
author={He, Yang and Kang, Guoliang and Dong, Xuanyi and Fu, Yanwei and Yang, Yi},
journal={international joint conference on artificial intelligence},
pages={2234--2240},
year={2018}}

@article{28,
title={Where to Prune: Using LSTM to Guide End-to-end Pruning},
author={Zhong, Jing and Ding, Guiguang and Guo, Yuchen and Han, Jungong and Wang, Bin},
pages={3205--3211},
year={2018}}

@article{29,
title={Rethinking the Smaller-Norm-Less-Informative Assumption in Channel Pruning of Convolution Layers},
author={Ye, Jianbo and Lu, Xin and Lin, Zhe L and Wang, James Ze},
journal={international conference on learning representations},
year={2018}}

@article{13,
title={Fast ConvNets Using Group-Wise Brain Damage},
author={Lebedev, Vadim and Lempitsky, Victor S},
journal={computer vision and pattern recognition},
pages={2554--2564},
year={2016}}

@article{entropy,
title={An Entropy-based Pruning Method for CNN Compression},
author={Luo, Jianhao and Wu, Jianxin},
journal={arXiv: Computer Vision and Pattern Recognition},
year={2017}}

@article{energy,
title={Designing Energy-Efficient Convolutional Neural Networks Using Energy-Aware Pruning},
author={Yang, Tienju and Chen, Yuhsin and Sze, Vivienne},
journal={computer vision and pattern recognition},
pages={6071--6079},
year={2017}}

@article{LDA,
title={Efficient Gender Classification Using a Deep LDA-Pruned Net.},
author={Tian, Qing and Arbel, Tal and Clark, James J},
journal={arXiv: Computer Vision and Pattern Recognition},
year={2017}}

%上两篇链接：https://blog.csdn.net/shentanyue/article/details/83539359#

@article{coarse,
title={Compact Deep Convolutional Neural Networks With Coarse Pruning.},
author={Anwar, Sajid and Sung, Wonyong},
journal={arXiv: Learning},
year={2016}}

@article{skinny,
title={Training Skinny Deep Neural Networks with Iterative Hard Thresholding Methods.},
author={Jin, Xiaojie and Yuan, Xiaotong and Feng, Jiashi and Yan, Shuicheng},
journal={arXiv: Computer Vision and Pattern Recognition},
year={2016}}

%上一篇链接：https://blog.csdn.net/shentanyue/article/details/83539227

% 剪参数
@article{hanson1988,
title={Comparing Biases for Minimal Network Construction with Back-Propagation},
author={Hanson, Stephen Jose and Pratt, Lorien Y},
pages={177--185},
year={1988}}

%轻量化模型
@article{mobilenet,
title={MobileNets: Efficient Convolutional Neural Networks for Mobile Vision Applications.},
author={Howard, Andrew G and Zhu, Menglong and Chen, Bo and Kalenichenko, Dmitry and Wang, Weijun and Weyand, Tobias and Andreetto, Marco and Adam, Hartwig},
journal={arXiv: Computer Vision and Pattern Recognition},
year={2017}}

@article{squeezenet,
title={SqueezeNet: AlexNet-level accuracy with 50x fewer parameters and <0.5MB model size},
author={Iandola, Forrest N and Han, Song and Moskewicz, Matthew W and Ashraf, Khalid and Dally, William J and Keutzer, Kurt},
journal={arXiv: Computer Vision and Pattern Recognition},
year={2017}}

@article{shufflenet,
title={ShuffleNet: An Extremely Efficient Convolutional Neural Network for Mobile Devices},
author={Zhang, Xiangyu and Zhou, Xinyu and Lin, Mengxiao and Sun, Jian},
journal={computer vision and pattern recognition},
pages={6848--6856},
year={2018}}

@article{densenet,
title={Densely Connected Convolutional Networks},
author={Huang, Gao and Liu, Zhuang and Der Maaten, Laurens Van and Weinberger, Kilian Q},
journal={computer vision and pattern recognition},
pages={2261--2269},
year={2017}}


@article{extremely,
title={Extremely Low Bit Neural Network: Squeeze the Last Bit Out with ADMM},
author={Leng, Cong and Dou, Zesheng and Li, Hao and Zhu, Shenghuo and Jin, Rong},
journal={national conference on artificial intelligence},
pages={3466--3473},
year={2018}}

@article{quantization,
title={Quantization and Training of Neural Networks for Efficient Integer-Arithmetic-Only Inference},
author={Jacob, Benoit and Kligys, Skirmantas and Chen, Bo and Zhu, Menglong and Tang, Matthew and Howard, Andrew G and Adam, Hartwig and Kalenichenko, Dmitry},
journal={computer vision and pattern recognition},
pages={2704--2713},
year={2018}}

@article{earlycompression1,
title={Compressing Neural Networks with the Hashing Trick},
author={Chen, Wenlin and Wilson, James T and Tyree, Stephen and Weinberger, Kilian Q and Chen, Yixin},
journal={international conference on machine learning},
pages={2285--2294},
year={2015}}

@article{earlycompression2,
title={Compressing Deep Convolutional Networks using Vector Quantization.},
author={Gong, Yunchao and Liu, Liu and Yang, Ming and Bourdev, Lubomir D},
journal={arXiv: Computer Vision and Pattern Recognition},
year={2014}}


@article{predicting,
title={Predicting Parameters in Deep Learning},
author={Denil, Misha and Shakibi, Babak and Dinh, Laurent and Ranzato, Marcaurelio and De Freitas, Nando},
journal={neural information processing systems},
pages={2148--2156},
year={2013}}

%ICLR 2019
@article{2019iclr,
title={The Lottery Ticket Hypothesis: Finding Sparse, Trainable Neural Networks},
author={Frankle, Jonathan and Carbin, Michael},
journal={International Conference on Learning Representationshttps},
year={2019}}

@article{2018iclr,
title={Efficient Sparse-Winograd Convolutional Neural Networks},
author={Liu, Xingyu and Pool, Jeff},
journal={international conference on learning representations},
year={2018}}

@article{networkinnetwork,
title={Network In Network},
author={Lin, Min and Chen, Qiang and Yan, Shuicheng},
journal={international conference on learning representations},
year={2014}}

@article{dropout1,
title={Improving neural networks by preventing co-adaptation of feature detectors},
author={Hinton, Geoffrey E and Srivastava, Nitish and Krizhevsky, Alex and Sutskever, Ilya and Salakhutdinov, Ruslan},
journal={arXiv: Neural and Evolutionary Computing},
year={2012}}

@article{dropout2,
title={Dropout: a simple way to prevent neural networks from overfitting},
author={Srivastava, Nitish and Hinton, Geoffrey E and Krizhevsky, Alex and Sutskever, Ilya and Salakhutdinov, Ruslan},
journal={Journal of Machine Learning Research},
volume={15},
number={1},
pages={1929--1958},
year={2014}}

@article{2012imagenet,
title={ImageNet Classification with Deep Convolutional Neural Networks},
author={Krizhevsky, Alex and Sutskever, Ilya and Hinton, Geoffrey E},
pages={1097--1105},
year={2012}}

@article{2015show,
title={Show and tell: A neural image caption generator},
author={Vinyals, Oriol and Toshev, Alexander and Bengio, Samy and Erhan, Dumitru},
journal={computer vision and pattern recognition},
pages={3156--3164},
year={2015}}

@article{2015deep,
title={Deep visual-semantic alignments for generating image descriptions},
author={Karpathy, Andrej and Feifei, Li},
journal={computer vision and pattern recognition},
pages={3128--3137},
year={2015}}

@article{2011domain,
title={Domain Adaptation for Large-Scale Sentiment Classification: A Deep Learning Approach},
author={Glorot, Xavier and Bordes, Antoine and Bengio, Yoshua},
pages={513--520},
year={2011}}

@article{2014low,
  title={Low precision storage for deep learning},
  author={Courbariaux, Matthieu and Bengio, Yoshua and David, Jean-Pierre},
  year={2014},
}

@article{2011product,
title={Product Quantization for Nearest Neighbor Search},
author={Jegou, Herve and Douze, Matthijs and Schmid, Cordelia},
journal={IEEE Transactions on Pattern Analysis and Machine Intelligence},
volume={33},
number={1},
pages={117--128},
year={2011}}

@article{cifar,
  title={ Learning multiple layers of features from tiny images},
  author={ Alex Krizhevsky and Geoffrey Hinton},
  year={2009},
}

@article{18bianry,
title={Training wide residual networks for deployment using a single bit for each weight},
author={Mcdonnell, Mark D},
journal={international conference on learning representations},
year={2018}}

@article{18incre,
title={Deep Neural Network Compression with Single and Multiple Level Quantization},
author={Xu, Yuhui and Wang, Yongzhuang and Zhou, Aojun and Lin, Weiyao and Xiong, Hongkai},
journal={national conference on artificial intelligence},
pages={4335--4342},
year={2018}}


#####quan
@article{icasspq71,
title={LogNet: Energy-efficient neural networks using logarithmic computation},
author={Lee, Edward H and Miyashita, Daisuke and Chai, Elaina and Murmann, Boris and Wong, S Simon},
pages={5900--5904},
year={2017}}

@article{icasspq72,
title={Fixed-point optimization of deep neural networks with adaptive step size retraining},
author={Shin, Sungho and Boo, Yoonho and Sung, Wonyong},
journal={international conference on acoustics, speech, and signal processing},
pages={1203--1207},
year={2017}}

@article{icasspp7#,
title={Implementation of efficient, low power deep neural networks on next-generation intel client platforms},
author={Deisher, Michael E and Polonski, Andrzej},
journal={international conference on acoustics, speech, and signal processing},
pages={6590--6591},
year={2017}}

@article{icasspq73,
title={Automatic node selection for Deep Neural Networks using Group Lasso regularization},
author={Ochiai, Tsubasa and Matsuda, Shigeki and Watanabe, Hideyuki and Katagiri, Shigeru},
journal={international conference on acoustics, speech, and signal processing},
pages={5485--5489},
year={2017}}

@article{icasspq74,
title={Accelerating Deep Convolutional Networks using low-precision and sparsity},
author={Venkatesh, Ganesh and Nurvitadhi, Eriko and Marr, Debbie},
journal={international conference on acoustics, speech, and signal processing},
pages={2861--2865},
year={2017}}


###cvpr2017

@article{cvprq71,
title={Network Sketching: Exploiting Binary Structure in Deep CNNs},
author={Guo, Yiwen and Yao, Anbang and Zhao, Hao and Chen, Yurong},
journal={computer vision and pattern recognition},
pages={4040--4048},
year={2017}}

@article{cvprq72,
title={Spatially Adaptive Computation Time for Residual Networks},
author={Figurnov, Michael and Collins, Maxwell D and Zhu, Yukun and Zhang, Li and Huang, Jonathan and Vetrov, Dmitry P and Salakhutdinov, Ruslan},
journal={computer vision and pattern recognition},
pages={1790--1799},
year={2017}}

@article{cvprq73,
title={Designing Neural Network Architectures using Reinforcement Learning},
author={Baker, Bowen and Gupta, Otkrist and Naik, Nikhil and Raskar, Ramesh},
journal={international conference on learning representations},
year={2017}}

#ICML 2017
@article{icmlq71,
title={The ZipML Framework for Training Models with End-to-End Low Precision: The Cans, the Cannots, and a Little Bit of Deep Learning.},
author={Zhang, Hantian and Li, Jerry and Kara, Kaan and Alistarh, Dan and Liu, Ji and Zhang, Ce},
journal={international conference on machine learning},
year={2017}}


@inproceedings{icmlq72,
  author    = {Charbel Sakr and
               Yongjune Kim and
               Naresh R. Shanbhag},
  title     = {Analytical Guarantees on Numerical Precision of Deep Neural Networks},
  booktitle = {Proceedings of the 34th International Conference on Machine Learning,
               {ICML} 2017, Sydney, NSW, Australia, 6-11 August 2017},
  pages     = {3007--3016},
  year      = {2017},
  crossref  = {DBLP:conf/icml/2017},
  url       = {http://proceedings.mlr.press/v70/sakr17a.html},
  timestamp = {Mon, 15 Apr 2019 19:11:59 +0200},
  biburl    = {https://dblp.org/rec/bib/conf/icml/SakrKS17},
  bibsource = {dblp computer science bibliography, https://dblp.org}
}


@article{icmlq73,
  author    = {Tolga Bolukbasi and
               Joseph Wang and
               Ofer Dekel and
               Venkatesh Saligrama},
  title     = {Adaptive Neural Networks for Fast Test-Time Prediction},
  journal   = {CoRR},
  volume    = {abs/1702.07811},
  year      = {2017},
  url       = {http://arxiv.org/abs/1702.07811},
  archivePrefix = {arXiv},
  eprint    = {1702.07811},
  timestamp = {Sun, 02 Sep 2018 15:01:54 +0200},
  biburl    = {https://dblp.org/rec/bib/journals/corr/BolukbasiWDS17},
  bibsource = {dblp computer science bibliography, https://dblp.org}
}

@inproceedings{icmlq74,
  author    = {Liang Zhao and
               Siyu Liao and
               Yanzhi Wang and
               Zhe Li and
               Jian Tang and
               Bo Yuan},
  title     = {Theoretical Properties for Neural Networks with Weight Matrices of
               Low Displacement Rank},
  booktitle = {Proceedings of the 34th International Conference on Machine Learning,
               {ICML} 2017, Sydney, NSW, Australia, 6-11 August 2017},
  pages     = {4082--4090},
  year      = {2017},
  crossref  = {DBLP:conf/icml/2017},
  url       = {http://proceedings.mlr.press/v70/zhao17b.html},
  timestamp = {Wed, 03 Apr 2019 18:17:27 +0200},
  biburl    = {https://dblp.org/rec/bib/conf/icml/ZhaoLW0TY17},
  bibsource = {dblp computer science bibliography, https://dblp.org}
}

#ICCV
@inproceedings{iccvq71,
  author    = {Zefan Li and
               Bingbing Ni and
               Wenjun Zhang and
               Xiaokang Yang and
               Wen Gao},
  title     = {Performance Guaranteed Network Acceleration via High-Order Residual
               Quantization},
  booktitle = {{IEEE} International Conference on Computer Vision, {ICCV} 2017, Venice,
               Italy, October 22-29, 2017},
  pages     = {2603--2611},
  year      = {2017},
  crossref  = {DBLP:conf/iccv/2017},
  url       = {https://doi.org/10.1109/ICCV.2017.282},
  doi       = {10.1109/ICCV.2017.282},
  timestamp = {Wed, 13 Mar 2019 14:01:17 +0100},
  biburl    = {https://dblp.org/rec/bib/conf/iccv/LiNZY017},
  bibsource = {dblp computer science bibliography, https://dblp.org}
}


#NIPS 2017

@inproceedings{nipsq71,
  author    = {Xiaofan Lin and
               Cong Zhao and
               Wei Pan},
  title     = {Towards Accurate Binary Convolutional Neural Network},
  booktitle = {Advances in Neural Information Processing Systems 30: Annual Conference
               on Neural Information Processing Systems 2017, 4-9 December 2017,
               Long Beach, CA, {USA}},
  pages     = {344--352},
  year      = {2017},
  crossref  = {DBLP:conf/nips/2017},
  url       = {http://papers.nips.cc/paper/6638-towards-accurate-binary-convolutional-neural-network},
  timestamp = {Mon, 27 Nov 2017 12:38:48 +0100},
  biburl    = {https://dblp.org/rec/bib/conf/nips/LinZP17},
  bibsource = {dblp computer science bibliography, https://dblp.org}
}

@inproceedings{nipsq72,
  author    = {Eirikur Agustsson and
               Fabian Mentzer and
               Michael Tschannen and
               Lukas Cavigelli and
               Radu Timofte and
               Luca Benini and
               Luc J. Van Gool},
  title     = {Soft-to-Hard Vector Quantization for End-to-End Learning Compressible
               Representations},
  booktitle = {Advances in Neural Information Processing Systems 30: Annual Conference
               on Neural Information Processing Systems 2017, 4-9 December 2017,
               Long Beach, CA, {USA}},
  pages     = {1141--1151},
  year      = {2017},
  crossref  = {DBLP:conf/nips/2017},
  url       = {http://papers.nips.cc/paper/6714-soft-to-hard-vector-quantization-for-end-to-end-learning-compressible-representations},
  timestamp = {Mon, 27 Nov 2017 12:38:48 +0100},
  biburl    = {https://dblp.org/rec/bib/conf/nips/AgustssonMTCTBG17},
  bibsource = {dblp computer science bibliography, https://dblp.org}
}

@inproceedings{nipsq73,
  author    = {Wei Wen and
               Cong Xu and
               Feng Yan and
               Chunpeng Wu and
               Yandan Wang and
               Yiran Chen and
               Hai Li},
  title     = {TernGrad: Ternary Gradients to Reduce Communication in Distributed
               Deep Learning},
  booktitle = {Advances in Neural Information Processing Systems 30: Annual Conference
               on Neural Information Processing Systems 2017, 4-9 December 2017,
               Long Beach, CA, {USA}},
  pages     = {1508--1518},
  year      = {2017},
  crossref  = {DBLP:conf/nips/2017},
  url       = {http://papers.nips.cc/paper/6749-terngrad-ternary-gradients-to-reduce-communication-in-distributed-deep-learning},
  timestamp = {Fri, 04 Jan 2019 16:27:27 +0100},
  biburl    = {https://dblp.org/rec/bib/conf/nips/WenXYWWCL17},
  bibsource = {dblp computer science bibliography, https://dblp.org}
}

@inproceedings{nipsq74,
  author    = {Christos Louizos and
               Karen Ullrich and
               Max Welling},
  title     = {Bayesian Compression for Deep Learning},
  booktitle = {Advances in Neural Information Processing Systems 30: Annual Conference
               on Neural Information Processing Systems 2017, 4-9 December 2017,
               Long Beach, CA, {USA}},
  pages     = {3290--3300},
  year      = {2017},
  crossref  = {DBLP:conf/nips/2017},
  url       = {http://papers.nips.cc/paper/6921-bayesian-compression-for-deep-learning},
  timestamp = {Mon, 27 Nov 2017 12:38:48 +0100},
  biburl    = {https://dblp.org/rec/bib/conf/nips/LouizosUW17},
  bibsource = {dblp computer science bibliography, https://dblp.org}
}

@inproceedings{nipsq75,
  author    = {Hao Li and
               Soham De and
               Zheng Xu and
               Christoph Studer and
               Hanan Samet and
               Tom Goldstein},
  title     = {Training Quantized Nets: {A} Deeper Understanding},
  booktitle = {Advances in Neural Information Processing Systems 30: Annual Conference
               on Neural Information Processing Systems 2017, 4-9 December 2017,
               Long Beach, CA, {USA}},
  pages     = {5813--5823},
  year      = {2017},
  crossref  = {DBLP:conf/nips/2017},
  url       = {http://papers.nips.cc/paper/7163-training-quantized-nets-a-deeper-understanding},
  timestamp = {Fri, 29 Mar 2019 16:37:02 +0100},
  biburl    = {https://dblp.org/rec/bib/conf/nips/LiD0SSG17},
  bibsource = {dblp computer science bibliography, https://dblp.org}
}

@inproceedings{nipsq76,
  author    = {Aidan N. Gomez and
               Mengye Ren and
               Raquel Urtasun and
               Roger B. Grosse},
  title     = {The Reversible Residual Network: Backpropagation Without Storing Activations},
  booktitle = {Advances in Neural Information Processing Systems 30: Annual Conference
               on Neural Information Processing Systems 2017, 4-9 December 2017,
               Long Beach, CA, {USA}},
  pages     = {2211--2221},
  year      = {2017},
  crossref  = {DBLP:conf/nips/2017},
  url       = {http://papers.nips.cc/paper/6816-the-reversible-residual-network-backpropagation-without-storing-activations},
  timestamp = {Mon, 27 Nov 2017 12:38:48 +0100},
  biburl    = {https://dblp.org/rec/bib/conf/nips/GomezRUG17},
  bibsource = {dblp computer science bibliography, https://dblp.org}
}

@inproceedings{nipsq77,
  author    = {Jose M. Alvarez and
               Mathieu Salzmann},
  title     = {Compression-aware Training of Deep Networks},
  booktitle = {Advances in Neural Information Processing Systems 30: Annual Conference
               on Neural Information Processing Systems 2017, 4-9 December 2017,
               Long Beach, CA, {USA}},
  pages     = {856--867},
  year      = {2017},
  crossref  = {DBLP:conf/nips/2017},
  url       = {http://papers.nips.cc/paper/6687-compression-aware-training-of-deep-networks},
  timestamp = {Mon, 27 Nov 2017 12:38:48 +0100},
  biburl    = {https://dblp.org/rec/bib/conf/nips/AlvarezS17},
  bibsource = {dblp computer science bibliography, https://dblp.org}
}

###iclr  2018

@inproceedings{iclrq81,
  author    = {Shuang Wu and
               Guoqi Li and
               Feng Chen and
               Luping Shi},
  title     = {Training and Inference with Integers in Deep Neural Networks},
  booktitle = {6th International Conference on Learning Representations, {ICLR} 2018,
               Vancouver, BC, Canada, April 30 - May 3, 2018, Conference Track Proceedings},
  year      = {2018},
  crossref  = {DBLP:conf/iclr/2018},
  url       = {https://openreview.net/forum?id=HJGXzmspb},
  timestamp = {Thu, 04 Apr 2019 13:20:09 +0200},
  biburl    = {https://dblp.org/rec/bib/conf/iclr/WuLCS18},
  bibsource = {dblp computer science bibliography, https://dblp.org}
}





@inproceedings{iclrq82,
  author    = {Paulius Micikevicius and
               Sharan Narang and
               Jonah Alben and
               Gregory F. Diamos and
               Erich Elsen and
               David Garc{\'{\i}}a and
               Boris Ginsburg and
               Michael Houston and
               Oleksii Kuchaiev and
               Ganesh Venkatesh and
               Hao Wu},
  title     = {Mixed Precision Training},
  booktitle = {6th International Conference on Learning Representations, {ICLR} 2018,
               Vancouver, BC, Canada, April 30 - May 3, 2018, Conference Track Proceedings},
  year      = {2018},
  crossref  = {DBLP:conf/iclr/2018},
  url       = {https://openreview.net/forum?id=r1gs9JgRZ},
  timestamp = {Thu, 04 Apr 2019 13:20:09 +0200},
  biburl    = {https://dblp.org/rec/bib/conf/iclr/MicikeviciusNAD18},
  bibsource = {dblp computer science bibliography, https://dblp.org}
}

# cvpr2018
@inproceedings{cvprq81,
  author    = {Bichen Wu and
               Alvin Wan and
               Xiangyu Yue and
               Peter H. Jin and
               Sicheng Zhao and
               Noah Golmant and
               Amir Gholaminejad and
               Joseph Gonzalez and
               Kurt Keutzer},
  title     = {Shift: {A} Zero FLOP, Zero Parameter Alternative to Spatial Convolutions},
  booktitle = {2018 {IEEE} Conference on Computer Vision and Pattern Recognition,
               {CVPR} 2018, Salt Lake City, UT, USA, June 18-22, 2018},
  pages     = {9127--9135},
  year      = {2018},
  crossref  = {DBLP:conf/cvpr/2018},
  url       = {http://openaccess.thecvf.com/content\_cvpr\_2018/html/Wu\_Shift\_A\_Zero\_CVPR\_2018\_paper.html},
  doi       = {10.1109/CVPR.2018.00951},
  timestamp = {Wed, 06 Feb 2019 10:30:31 +0100},
  biburl    = {https://dblp.org/rec/bib/conf/cvpr/WuWYJZGGGK18},
  bibsource = {dblp computer science bibliography, https://dblp.org}
}

@inproceedings{cvprq82,
  author    = {Benoit Jacob and
               Skirmantas Kligys and
               Bo Chen and
               Menglong Zhu and
               Matthew Tang and
               Andrew G. Howard and
               Hartwig Adam and
               Dmitry Kalenichenko},
  title     = {Quantization and Training of Neural Networks for Efficient Integer-Arithmetic-Only
               Inference},
  booktitle = {2018 {IEEE} Conference on Computer Vision and Pattern Recognition,
               {CVPR} 2018, Salt Lake City, UT, USA, June 18-22, 2018},
  pages     = {2704--2713},
  year      = {2018},
  crossref  = {DBLP:conf/cvpr/2018},
  url       = {http://openaccess.thecvf.com/content\_cvpr\_2018/html/Jacob\_Quantization\_and\_Training\_CVPR\_2018\_paper.html},
  doi       = {10.1109/CVPR.2018.00286},
  timestamp = {Wed, 06 Feb 2019 10:30:30 +0100},
  biburl    = {https://dblp.org/rec/bib/conf/cvpr/JacobKCZTHAK18},
  bibsource = {dblp computer science bibliography, https://dblp.org}
}

@inproceedings{cvprq83,
  author    = {Zuxuan Wu and
               Tushar Nagarajan and
               Abhishek Kumar and
               Steven Rennie and
               Larry S. Davis and
               Kristen Grauman and
               Rog{\'{e}}rio Schmidt Feris},
  title     = {BlockDrop: Dynamic Inference Paths in Residual Networks},
  booktitle = {2018 {IEEE} Conference on Computer Vision and Pattern Recognition,
               {CVPR} 2018, Salt Lake City, UT, USA, June 18-22, 2018},
  pages     = {8817--8826},
  year      = {2018},
  crossref  = {DBLP:conf/cvpr/2018},
  url       = {http://openaccess.thecvf.com/content\_cvpr\_2018/html/Wu\_BlockDrop\_Dynamic\_Inference\_CVPR\_2018\_paper.html},
  doi       = {10.1109/CVPR.2018.00919},
  timestamp = {Wed, 06 Feb 2019 10:30:32 +0100},
  biburl    = {https://dblp.org/rec/bib/conf/cvpr/WuNKRDGF18},
  bibsource = {dblp computer science bibliography, https://dblp.org}
}


@inproceedings{cvprq84,
  author    = {Julian Faraone and
               Nicholas J. Fraser and
               Michaela Blott and
               Philip H. W. Leong},
  title     = {{SYQ:} Learning Symmetric Quantization for Efficient Deep Neural Networks},
  booktitle = {2018 {IEEE} Conference on Computer Vision and Pattern Recognition,
               {CVPR} 2018, Salt Lake City, UT, USA, June 18-22, 2018},
  pages     = {4300--4309},
  year      = {2018},
  crossref  = {DBLP:conf/cvpr/2018},
  url       = {http://openaccess.thecvf.com/content\_cvpr\_2018/html/Faraone\_SYQ\_Learning\_Symmetric\_CVPR\_2018\_paper.html},
  doi       = {10.1109/CVPR.2018.00452},
  timestamp = {Sun, 27 Jan 2019 13:06:48 +0100},
  biburl    = {https://dblp.org/rec/bib/conf/cvpr/FaraoneFBL18},
  bibsource = {dblp computer science bibliography, https://dblp.org}
}

@inproceedings{cvprq85,
  author    = {Peisong Wang and
               Qinghao Hu and
               Yifan Zhang and
               Chunjie Zhang and
               Yang Liu and
               Jian Cheng},
  title     = {Two-Step Quantization for Low-Bit Neural Networks},
  booktitle = {2018 {IEEE} Conference on Computer Vision and Pattern Recognition,
               {CVPR} 2018, Salt Lake City, UT, USA, June 18-22, 2018},
  pages     = {4376--4384},
  year      = {2018},
  crossref  = {DBLP:conf/cvpr/2018},
  url       = {http://openaccess.thecvf.com/content\_cvpr\_2018/html/Wang\_Two-Step\_Quantization\_for\_CVPR\_2018\_paper.html},
  doi       = {10.1109/CVPR.2018.00460},
  timestamp = {Wed, 06 Feb 2019 10:30:30 +0100},
  biburl    = {https://dblp.org/rec/bib/conf/cvpr/WangH0ZL018},
  bibsource = {dblp computer science bibliography, https://dblp.org}
}


@inproceedings{cvprq86,
  author    = {Bohan Zhuang and
               Chunhua Shen and
               Mingkui Tan and
               Lingqiao Liu and
               Ian D. Reid},
  title     = {Towards Effective Low-Bitwidth Convolutional Neural Networks},
  booktitle = {2018 {IEEE} Conference on Computer Vision and Pattern Recognition,
               {CVPR} 2018, Salt Lake City, UT, USA, June 18-22, 2018},
  pages     = {7920--7928},
  year      = {2018},
  crossref  = {DBLP:conf/cvpr/2018},
  url       = {http://openaccess.thecvf.com/content\_cvpr\_2018/html/Zhuang\_Towards\_Effective\_Low-Bitwidth\_CVPR\_2018\_paper.html},
  doi       = {10.1109/CVPR.2018.00826},
  timestamp = {Wed, 06 Feb 2019 10:30:32 +0100},
  biburl    = {https://dblp.org/rec/bib/conf/cvpr/ZhuangSTL018},
  bibsource = {dblp computer science bibliography, https://dblp.org}
}

@inproceedings{cvprq87,
  author    = {Aojun Zhou and
               Anbang Yao and
               Kuan Wang and
               Yurong Chen},
  title     = {Explicit Loss-Error-Aware Quantization for Low-Bit Deep Neural Networks},
  booktitle = {2018 {IEEE} Conference on Computer Vision and Pattern Recognition,
               {CVPR} 2018, Salt Lake City, UT, USA, June 18-22, 2018},
  pages     = {9426--9435},
  year      = {2018},
  crossref  = {DBLP:conf/cvpr/2018},
  url       = {http://openaccess.thecvf.com/content\_cvpr\_2018/html/Zhou\_Explicit\_Loss-Error-Aware\_Quantization\_CVPR\_2018\_paper.html},
  doi       = {10.1109/CVPR.2018.00982},
  timestamp = {Wed, 06 Feb 2019 10:30:33 +0100},
  biburl    = {https://dblp.org/rec/bib/conf/cvpr/ZhouYWC18},
  bibsource = {dblp computer science bibliography, https://dblp.org}
}

@inproceedings{cvprq88,
  author    = {Frederick Tung and
               Greg Mori},
  title     = {{CLIP-Q:} Deep Network Compression Learning by In-Parallel Pruning-Quantization},
  booktitle = {2018 {IEEE} Conference on Computer Vision and Pattern Recognition,
               {CVPR} 2018, Salt Lake City, UT, USA, June 18-22, 2018},
  pages     = {7873--7882},
  year      = {2018},
  crossref  = {DBLP:conf/cvpr/2018},
  url       = {http://openaccess.thecvf.com/content\_cvpr\_2018/html/Tung\_CLIP-Q\_Deep\_Network\_CVPR\_2018\_paper.html},
  doi       = {10.1109/CVPR.2018.00821},
  timestamp = {Wed, 06 Feb 2019 10:30:31 +0100},
  biburl    = {https://dblp.org/rec/bib/conf/cvpr/TungM18},
  bibsource = {dblp computer science bibliography, https://dblp.org}
}

#ECCV 2018

@inproceedings{eccvq81,
  author    = {Qinghao Hu and
               Gang Li and
               Peisong Wang and
               Yifan Zhang and
               Jian Cheng},
  title     = {Training Binary Weight Networks via Semi-Binary Decomposition},
  booktitle = {Computer Vision - {ECCV} 2018 - 15th European Conference, Munich,
               Germany, September 8-14, 2018, Proceedings, Part {XIII}},
  pages     = {657--673},
  year      = {2018},
  crossref  = {DBLP:conf/eccv/2018-13},
  url       = {https://doi.org/10.1007/978-3-030-01261-8\_39},
  doi       = {10.1007/978-3-030-01261-8\_39},
  timestamp = {Thu, 15 Nov 2018 13:22:20 +0100},
  biburl    = {https://dblp.org/rec/bib/conf/eccv/HuLWZC18},
  bibsource = {dblp computer science bibliography, https://dblp.org}
}

@inproceedings{eccvq82,
  author    = {Sanghyun Son and
               Seungjun Nah and
               Kyoung Mu Lee},
  title     = {Clustering Convolutional Kernels to Compress Deep Neural Networks},
  booktitle = {Computer Vision - {ECCV} 2018 - 15th European Conference, Munich,
               Germany, September 8-14, 2018, Proceedings, Part {VIII}},
  pages     = {225--240},
  year      = {2018},
  crossref  = {DBLP:conf/eccv/2018-8},
  url       = {https://doi.org/10.1007/978-3-030-01237-3\_14},
  doi       = {10.1007/978-3-030-01237-3\_14},
  timestamp = {Mon, 08 Oct 2018 17:08:06 +0200},
  biburl    = {https://dblp.org/rec/bib/conf/eccv/SonNL18},
  bibsource = {dblp computer science bibliography, https://dblp.org}
}


@inproceedings{eccvq83,
  author    = {Zechun Liu and
               Baoyuan Wu and
               Wenhan Luo and
               Xin Yang and
               Wei Liu and
               Kwang{-}Ting Cheng},
  title     = {Bi-Real Net: Enhancing the Performance of 1-Bit CNNs with Improved
               Representational Capability and Advanced Training Algorithm},
  booktitle = {Computer Vision - {ECCV} 2018 - 15th European Conference, Munich,
               Germany, September 8-14, 2018, Proceedings, Part {XV}},
  pages     = {747--763},
  year      = {2018},
  crossref  = {DBLP:conf/eccv/2018-15},
  url       = {https://doi.org/10.1007/978-3-030-01267-0\_44},
  doi       = {10.1007/978-3-030-01267-0\_44},
  timestamp = {Mon, 08 Oct 2018 17:08:07 +0200},
  biburl    = {https://dblp.org/rec/bib/conf/eccv/LiuWLYLC18},
  bibsource = {dblp computer science bibliography, https://dblp.org}
}

@inproceedings{eccvq84,
  author    = {Abhimanyu Dubey and
               Moitreya Chatterjee and
               Narendra Ahuja},
  title     = {Coreset-Based Neural Network Compression},
  booktitle = {Computer Vision - {ECCV} 2018 - 15th European Conference, Munich,
               Germany, September 8-14, 2018, Proceedings, Part {VII}},
  pages     = {469--486},
  year      = {2018},
  crossref  = {DBLP:conf/eccv/2018-7},
  url       = {https://doi.org/10.1007/978-3-030-01234-2\_28},
  doi       = {10.1007/978-3-030-01234-2\_28},
  timestamp = {Mon, 08 Oct 2018 17:08:07 +0200},
  biburl    = {https://dblp.org/rec/bib/conf/eccv/DubeyCA18},
  bibsource = {dblp computer science bibliography, https://dblp.org}
}

@inproceedings{eccvq85,
  author    = {Andreas Veit and
               Serge J. Belongie},
  title     = {Convolutional Networks with Adaptive Inference Graphs},
  booktitle = {Computer Vision - {ECCV} 2018 - 15th European Conference, Munich,
               Germany, September 8-14, 2018, Proceedings, Part {I}},
  pages     = {3--18},
  year      = {2018},
  crossref  = {DBLP:conf/eccv/2018-1},
  url       = {https://doi.org/10.1007/978-3-030-01246-5\_1},
  doi       = {10.1007/978-3-030-01246-5\_1},
  timestamp = {Mon, 08 Oct 2018 17:08:07 +0200},
  biburl    = {https://dblp.org/rec/bib/conf/eccv/VeitB18},
  bibsource = {dblp computer science bibliography, https://dblp.org}
}

@inproceedings{eccvq86,
  author    = {Eunhyeok Park and
               Sungjoo Yoo and
               Peter Vajda},
  title     = {Value-Aware Quantization for Training and Inference of Neural Networks},
  booktitle = {Computer Vision - {ECCV} 2018 - 15th European Conference, Munich,
               Germany, September 8-14, 2018, Proceedings, Part {IV}},
  pages     = {608--624},
  year      = {2018},
  crossref  = {DBLP:conf/eccv/2018-4},
  url       = {https://doi.org/10.1007/978-3-030-01225-0\_36},
  doi       = {10.1007/978-3-030-01225-0\_36},
  timestamp = {Thu, 11 Oct 2018 16:14:24 +0200},
  biburl    = {https://dblp.org/rec/bib/conf/eccv/ParkYV18},
  bibsource = {dblp computer science bibliography, https://dblp.org}
}


@inproceedings{eccvq87,
  author    = {Dongqing Zhang and
               Jiaolong Yang and
               Dongqiangzi Ye and
               Gang Hua},
  title     = {LQ-Nets: Learned Quantization for Highly Accurate and Compact Deep
               Neural Networks},
  booktitle = {Computer Vision - {ECCV} 2018 - 15th European Conference, Munich,
               Germany, September 8-14, 2018, Proceedings, Part {VIII}},
  pages     = {373--390},
  year      = {2018},
  crossref  = {DBLP:conf/eccv/2018-8},
  url       = {https://doi.org/10.1007/978-3-030-01237-3\_23},
  doi       = {10.1007/978-3-030-01237-3\_23},
  timestamp = {Thu, 10 Jan 2019 15:03:31 +0100},
  biburl    = {https://dblp.org/rec/bib/conf/eccv/ZhangYYH18},
  bibsource = {dblp computer science bibliography, https://dblp.org}
}


@inproceedings{eccvq88,
  author    = {Ameya Prabhu and
               Girish Varma and
               Anoop M. Namboodiri},
  title     = {Deep Expander Networks: Efficient Deep Networks from Graph Theory},
  booktitle = {Computer Vision - {ECCV} 2018 - 15th European Conference, Munich,
               Germany, September 8-14, 2018, Proceedings, Part {XIII}},
  pages     = {20--36},
  year      = {2018},
  crossref  = {DBLP:conf/eccv/2018-13},
  url       = {https://doi.org/10.1007/978-3-030-01261-8\_2},
  doi       = {10.1007/978-3-030-01261-8\_2},
  timestamp = {Thu, 11 Oct 2018 16:14:24 +0200},
  biburl    = {https://dblp.org/rec/bib/conf/eccv/PrabhuVN18},
  bibsource = {dblp computer science bibliography, https://dblp.org}
}

@inproceedings{eccvq89,
  author    = {Changan Chen and
               Frederick Tung and
               Naveen Vedula and
               Greg Mori},
  title     = {Constraint-Aware Deep Neural Network Compression},
  booktitle = {Computer Vision - {ECCV} 2018 - 15th European Conference, Munich,
               Germany, September 8-14, 2018, Proceedings, Part {VIII}},
  pages     = {409--424},
  year      = {2018},
  crossref  = {DBLP:conf/eccv/2018-8},
  url       = {https://doi.org/10.1007/978-3-030-01237-3\_25},
  doi       = {10.1007/978-3-030-01237-3\_25},
  timestamp = {Mon, 08 Oct 2018 17:08:05 +0200},
  biburl    = {https://dblp.org/rec/bib/conf/eccv/ChenTVM18},
  bibsource = {dblp computer science bibliography, https://dblp.org}
}


#ICML 2018
@inproceedings{icmlq81,
  author    = {Bin Dai and
               Chen Zhu and
               Baining Guo and
               David P. Wipf},
  title     = {Compressing Neural Networks using the Variational Information Bottleneck},
  booktitle = {Proceedings of the 35th International Conference on Machine Learning,
               {ICML} 2018, Stockholmsm{\"{a}}ssan, Stockholm, Sweden, July
               10-15, 2018},
  pages     = {1143--1152},
  year      = {2018},
  crossref  = {DBLP:conf/icml/2018},
  url       = {http://proceedings.mlr.press/v80/dai18d.html},
  timestamp = {Wed, 03 Apr 2019 18:17:30 +0200},
  biburl    = {https://dblp.org/rec/bib/conf/icml/DaiZGW18},
  bibsource = {dblp computer science bibliography, https://dblp.org}
}

@inproceedings{icmlq82,
  author    = {Junru Wu and
               Yue Wang and
               Zhenyu Wu and
               Zhangyang Wang and
               Ashok Veeraraghavan and
               Yingyan Lin},
  title     = {Deep k-Means: Re-Training and Parameter Sharing with Harder Cluster
               Assignments for Compressing Deep Convolutions},
  booktitle = {Proceedings of the 35th International Conference on Machine Learning,
               {ICML} 2018, Stockholmsm{\"{a}}ssan, Stockholm, Sweden, July
               10-15, 2018},
  pages     = {5359--5368},
  year      = {2018},
  crossref  = {DBLP:conf/icml/2018},
  url       = {http://proceedings.mlr.press/v80/wu18h.html},
  timestamp = {Wed, 03 Apr 2019 18:17:30 +0200},
  biburl    = {https://dblp.org/rec/bib/conf/icml/WuWWWVL18},
  bibsource = {dblp computer science bibliography, https://dblp.org}
}

@inproceedings{icmlq83,
  author    = {Brandon Reagen and
               Udit Gupta and
               Robert Adolf and
               Michael Mitzenmacher and
               Alexander M. Rush and
               Gu{-}Yeon Wei and
               David Brooks},
  title     = {Weightless: Lossy weight encoding for deep neural network compression},
  booktitle = {6th International Conference on Learning Representations, {ICLR} 2018,
               Vancouver, BC, Canada, April 30 - May 3, 2018, Workshop Track Proceedings},
  year      = {2018},
  crossref  = {DBLP:conf/iclr/2018w},
  url       = {https://openreview.net/forum?id=rJpXxgaIG},
  timestamp = {Thu, 04 Apr 2019 13:20:09 +0200},
  biburl    = {https://dblp.org/rec/bib/conf/iclr/ReagenGAMRW018},
  bibsource = {dblp computer science bibliography, https://dblp.org}
}

@inproceedings{icmlq84,
  author    = {Xiaojie Jin and
               Yingzhen Yang and
               Ning Xu and
               Jianchao Yang and
               Nebojsa Jojic and
               Jiashi Feng and
               Shuicheng Yan},
  title     = {WSNet: Compact and Efficient Networks Through Weight Sampling},
  booktitle = {Proceedings of the 35th International Conference on Machine Learning,
               {ICML} 2018, Stockholmsm{\"{a}}ssan, Stockholm, Sweden, July
               10-15, 2018},
  pages     = {2357--2366},
  year      = {2018},
  crossref  = {DBLP:conf/icml/2018},
  url       = {http://proceedings.mlr.press/v80/jin18d.html},
  timestamp = {Wed, 03 Apr 2019 18:17:30 +0200},
  biburl    = {https://dblp.org/rec/bib/conf/icml/JinYXYJFY18},
  bibsource = {dblp computer science bibliography, https://dblp.org}
}


#NIPS 2016
@inproceedings{nipsp61,
  author    = {Wei Wen and
               Chunpeng Wu and
               Yandan Wang and
               Yiran Chen and
               Hai Li},
  title     = {Learning Structured Sparsity in Deep Neural Networks},
  booktitle = {Advances in Neural Information Processing Systems 29: Annual Conference
               on Neural Information Processing Systems 2016, December 5-10, 2016,
               Barcelona, Spain},
  pages     = {2074--2082},
  year      = {2016},
  crossref  = {DBLP:conf/nips/2016},
  url       = {http://papers.nips.cc/paper/6504-learning-structured-sparsity-in-deep-neural-networks},
  timestamp = {Fri, 03 Mar 2017 14:59:41 +0100},
  biburl    = {https://dblp.org/rec/bib/conf/nips/WenWWCL16},
  bibsource = {dblp computer science bibliography, https://dblp.org}
}


# CVPR 2017
@inproceedings{cvprp71,
  author    = {Tien{-}Ju Yang and
               Yu{-}Hsin Chen and
               Vivienne Sze},
  title     = {Designing Energy-Efficient Convolutional Neural Networks Using Energy-Aware
               Pruning},
  booktitle = {2017 {IEEE} Conference on Computer Vision and Pattern Recognition,
               {CVPR} 2017, Honolulu, HI, USA, July 21-26, 2017},
  pages     = {6071--6079},
  year      = {2017},
  crossref  = {DBLP:conf/cvpr/2017},
  url       = {https://doi.org/10.1109/CVPR.2017.643},
  doi       = {10.1109/CVPR.2017.643},
  timestamp = {Tue, 14 Nov 2017 17:15:06 +0100},
  biburl    = {https://dblp.org/rec/bib/conf/cvpr/YangCS17},
  bibsource = {dblp computer science bibliography, https://dblp.org}
}

#ICML 2017

@inproceedings{icmlp71,
  author    = {Jaehong Yoon and
               Sung Ju Hwang},
  title     = {Combined Group and Exclusive Sparsity for Deep Neural Networks},
  booktitle = {Proceedings of the 34th International Conference on Machine Learning,
               {ICML} 2017, Sydney, NSW, Australia, 6-11 August 2017},
  pages     = {3958--3966},
  year      = {2017},
  crossref  = {DBLP:conf/icml/2017},
  url       = {http://proceedings.mlr.press/v70/yoon17a.html},
  timestamp = {Wed, 03 Apr 2019 18:17:26 +0200},
  biburl    = {https://dblp.org/rec/bib/conf/icml/YoonH17},
  bibsource = {dblp computer science bibliography, https://dblp.org}
}


#ICCV 2017

@inproceedings{iccvp71,
  author    = {Yihui He and
               Xiangyu Zhang and
               Jian Sun},
  title     = {Channel Pruning for Accelerating Very Deep Neural Networks},
  booktitle = {{IEEE} International Conference on Computer Vision, {ICCV} 2017, Venice,
               Italy, October 22-29, 2017},
  pages     = {1398--1406},
  year      = {2017},
  crossref  = {DBLP:conf/iccv/2017},
  url       = {https://doi.org/10.1109/ICCV.2017.155},
  doi       = {10.1109/ICCV.2017.155},
  timestamp = {Thu, 14 Mar 2019 14:56:08 +0100},
  biburl    = {https://dblp.org/rec/bib/conf/iccv/HeZS17},
  bibsource = {dblp computer science bibliography, https://dblp.org}
}

#NIPS 2017
@inproceedings{nipsp71,
  author    = {Xin Dong and
               Shangyu Chen and
               Sinno Jialin Pan},
  title     = {Learning to Prune Deep Neural Networks via Layer-wise Optimal Brain
               Surgeon},
  booktitle = {Advances in Neural Information Processing Systems 30: Annual Conference
               on Neural Information Processing Systems 2017, 4-9 December 2017,
               Long Beach, CA, {USA}},
  pages     = {4860--4874},
  year      = {2017},
  crossref  = {DBLP:conf/nips/2017},
  url       = {http://papers.nips.cc/paper/7071-learning-to-prune-deep-neural-networks-via-layer-wise-optimal-brain-surgeon},
  timestamp = {Mon, 27 Nov 2017 12:38:48 +0100},
  biburl    = {https://dblp.org/rec/bib/conf/nips/DongCP17},
  bibsource = {dblp computer science bibliography, https://dblp.org}
}

@inproceedings{nipsp72,
  author    = {Kirill Neklyudov and
               Dmitry Molchanov and
               Arsenii Ashukha and
               Dmitry P. Vetrov},
  title     = {Structured Bayesian Pruning via Log-Normal Multiplicative Noise},
  booktitle = {Advances in Neural Information Processing Systems 30: Annual Conference
               on Neural Information Processing Systems 2017, 4-9 December 2017,
               Long Beach, CA, {USA}},
  pages     = {6778--6787},
  year      = {2017},
  crossref  = {DBLP:conf/nips/2017},
  url       = {http://papers.nips.cc/paper/7254-structured-bayesian-pruning-via-log-normal-multiplicative-noise},
  timestamp = {Mon, 27 Nov 2017 12:38:48 +0100},
  biburl    = {https://dblp.org/rec/bib/conf/nips/NeklyudovMAV17},
  bibsource = {dblp computer science bibliography, https://dblp.org}
}

@inproceedings{nipsp73,
  author    = {Ji Lin and
               Yongming Rao and
               Jiwen Lu and
               Jie Zhou},
  title     = {Runtime Neural Pruning},
  booktitle = {Advances in Neural Information Processing Systems 30: Annual Conference
               on Neural Information Processing Systems 2017, 4-9 December 2017,
               Long Beach, CA, {USA}},
  pages     = {2178--2188},
  year      = {2017},
  crossref  = {DBLP:conf/nips/2017},
  url       = {http://papers.nips.cc/paper/6813-runtime-neural-pruning},
  timestamp = {Tue, 28 Nov 2017 16:18:09 +0100},
  biburl    = {https://dblp.org/rec/bib/conf/nips/LinRLZ17},
  bibsource = {dblp computer science bibliography, https://dblp.org}
}

#ICLR 2018
@article{iclrp81,
  author    = {Christos Louizos and
               Max Welling and
               Diederik P. Kingma},
  title     = {Learning Sparse Neural Networks through L\({}_{\mbox{0}}\) Regularization},
  booktitle = {6th International Conference on Learning Representations, {ICLR} 2018,
               Vancouver, BC, Canada, April 30 - May 3, 2018, Conference Track Proceedings},
  year      = {2018},
  url       = {http://arxiv.org/abs/1712.01312},
  archivePrefix = {arXiv},
  eprint    = {1712.01312},
  timestamp = {Mon, 13 Aug 2018 16:48:42 +0200},
  biburl    = {https://dblp.org/rec/bib/journals/corr/abs-1712-01312},
  bibsource = {dblp computer science bibliography, https://dblp.org}
}

@inproceedings{clrp82,
  author    = {Wei Wen and
               Yuxiong He and
               Samyam Rajbhandari and
               Minjia Zhang and
               Wenhan Wang and
               Fang Liu and
               Bin Hu and
               Yiran Chen and
               Hai Li},
  title     = {Learning Intrinsic Sparse Structures within Long Short-Term Memory},
  booktitle = {6th International Conference on Learning Representations, {ICLR} 2018,
               Vancouver, BC, Canada, April 30 - May 3, 2018, Conference Track Proceedings},
  year      = {2018},
  crossref  = {DBLP:conf/iclr/2018},
  url       = {https://openreview.net/forum?id=rk6cfpRjZ},
  timestamp = {Thu, 04 Apr 2019 13:20:09 +0200},
  biburl    = {https://dblp.org/rec/bib/conf/iclr/WenHRZWLHC018},
  bibsource = {dblp computer science bibliography, https://dblp.org}
}

#CVPR 2018

@inproceedings{cvprp81,
  author    = {Eunwoo Kim and
               Chanho Ahn and
               Songhwai Oh},
  title     = {NestedNet: Learning Nested Sparse Structures in Deep Neural Networks},
  booktitle = {2018 {IEEE} Conference on Computer Vision and Pattern Recognition,
               {CVPR} 2018, Salt Lake City, UT, USA, June 18-22, 2018},
  pages     = {8669--8678},
  year      = {2018},
  crossref  = {DBLP:conf/cvpr/2018},
  url       = {http://openaccess.thecvf.com/content\_cvpr\_2018/html/Kim\_NestedNet\_Learning\_Nested\_CVPR\_2018\_paper.html},
  doi       = {10.1109/CVPR.2018.00904},
  timestamp = {Wed, 06 Feb 2019 10:30:33 +0100},
  biburl    = {https://dblp.org/rec/bib/conf/cvpr/KimAO18},
  bibsource = {dblp computer science bibliography, https://dblp.org}
}



#   compact structure
@inproceedings{mec,
  author    = {Minsik Cho and
               Daniel Brand},
  title     = {{MEC:} Memory-efficient Convolution for Deep Neural Network},
  booktitle = {Proceedings of the 34th International Conference on Machine Learning,
               {ICML} 2017, Sydney, NSW, Australia, 6-11 August 2017},
  pages     = {815--824},
  year      = {2017},
  crossref  = {DBLP:conf/icml/2017},
  url       = {http://proceedings.mlr.press/v70/cho17a.html},
  timestamp = {Wed, 03 Apr 2019 18:17:27 +0200},
  biburl    = {https://dblp.org/rec/bib/conf/icml/ChoB17},
  bibsource = {dblp computer science bibliography, https://dblp.org}
}
